<record><leader>00000cas a2200000 a 4500</leader><controlfield tag="001">46980636</controlfield><controlfield tag="008">010521c20019999scuwr ne      0    0eng c</controlfield><datafield ind1=" " ind2=" " tag="010"><subfield code="a">  2012271282</subfield></datafield><datafield ind1=" " ind2=" " tag="040"><subfield code="a">SUC</subfield><subfield code="b">eng</subfield><subfield code="c">SUC</subfield><subfield code="d">OCL</subfield><subfield code="d">OCLCQ</subfield><subfield code="d">SUC</subfield><subfield code="d">OCLCF</subfield><subfield code="d">DLC</subfield></datafield><datafield ind1=" " ind2=" " tag="042"><subfield code="a">pcc</subfield></datafield><datafield ind1=" " ind2=" " tag="043"><subfield code="a">n-us-sc</subfield></datafield><datafield ind1="0" ind2="0" tag="245"><subfield code="a">Lexington County chronicle &amp; the dispatch-news.</subfield></datafield><datafield ind1="3" ind2=" " tag="246"><subfield code="a">Lexington County chronicle and the dispatch-news</subfield></datafield><datafield ind1=" " ind2=" " tag="260"><subfield code="a">Lexington, S.C. :</subfield><subfield code="b">Lexington Pub. Co.,</subfield><subfield code="c">2001-</subfield></datafield><datafield ind1=" " ind2=" " tag="300"><subfield code="a">v.</subfield></datafield><datafield ind1="0" ind2=" " tag="362"><subfield code="a">131st year, 26nd ed. (Apr. 5, 2001)-</subfield></datafield><datafield ind1=" " ind2=" " tag="580"><subfield code="a">Formed by the merger of: Lexington County chronicle, and: Dispatch-news (Lexington, S.C.).</subfield></datafield><datafield ind1=" " ind2="0" tag="651"><subfield code="a">Lexington County (S.C.)</subfield><subfield code="v">Newspapers.</subfield></datafield><datafield ind1=" " ind2="7" tag="651"><subfield code="a">South Carolina</subfield><subfield code="z">Lexington County.</subfield><subfield code="2">fast</subfield><subfield code="0">(OCoLC)fst01207422</subfield></datafield><datafield ind1=" " ind2="7" tag="655"><subfield code="a">Newspapers.</subfield><subfield code="2">fast</subfield><subfield code="0">(OCoLC)fst01423814</subfield></datafield><datafield ind1=" " ind2=" " tag="752"><subfield code="a">United States</subfield><subfield code="b">South Carolina</subfield><subfield code="c">Lexington</subfield><subfield code="d">Lexington.</subfield></datafield><datafield ind1="1" ind2="4" tag="780"><subfield code="t">Lexington County chronicle</subfield><subfield code="w">(DLC)sn 93067764</subfield><subfield code="w">(OCoLC)28173616</subfield></datafield><datafield ind1="1" ind2="4" tag="780"><subfield code="t">Dispatch-news (Lexington, S.C.)</subfield><subfield code="x">2379-612X</subfield><subfield code="w">(DLC)sn 86063761</subfield><subfield code="w">(OCoLC)13640210</subfield></datafield><datafield ind1="4" ind2="2" tag="856"><subfield code="u">http://lexingtonchronicle.com/</subfield></datafield></record>